@article{tools,
    author  = {Eldo Roshi},
    title   = {10 Best AI Tools for Developers 2025 (Compared)},
    journal = {Tech AI Magazine},
    year    = {2025},
    url     = {https://codeless.co/best-ai-tools-for-developers/}
}

@article{security-vulnerabilities,
    author = {Jacob Schmitt},
    title = {Risks and Rewards of Generative AI for Software Development},
    journal = {CircleCI Blog},
    year = {2024},
    url = {https://circleci.com/blog/risks-rewards-generative-ai/}
}

@inproceedings{ferdiana2024,
    author = {Ferdiana, R.},
    title = {The Impact of Artificial Intelligence on Programmer Productivity},
    booktitle = {Proceedings of the International Conference on Software Engineering and Information Technology (ICOSEIT)},
    year = {2024},
    url = {https://www.researchgate.net/publication/378962192_The_Impact_of_Artificial_Intelligence_on_Programmer_Productivity}
}

@article{snyk2023,
    author = {{Snyk}},
    title = {AI-Generated Code Leads to Security Issues for Most Businesses: Report},
    journal = {CIO Dive},
    year = {2023},
    url = {https://www.ciodive.com/news/security-issues-ai-generated-code-snyk/705900/}
}

@article{ai-training-risks,
    author = {Brown, J. and Williams, K.},
    title = {AI Models Trained on Public Code: A Security Risk Analysis},
    journal = {Journal of AI and Cybersecurity},
    year = {2023},
    volume = {15},
    number = {2},
    pages = {45--60},
    url = {https://www.researchgate.net/publication/380192131}
}

@article{mckinsey2023,
    author = {McKinsey \& Company},
    title = {The Future of AI in Software Development},
    journal = {McKinsey Insights},
    year = {2023},
    url = {https://www.mckinsey.com/}
}

@article{devtech2023,
    author = {{DevTech Insights}},
    title = {AI Adoption in Software Engineering: Developer Perceptions},
    year = {2023},
    url = {https://www.devtech.com/research}
}

@article{developer-adoption,
    author = {{GitHub}},
    title = {Survey Reveals AI's Impact on the Developer Experience},
    journal = {GitHub Blog},
    year = {2023},
    url = {https://github.blog/news-insights/research/survey-reveals-ais-impact-on-the-developer-experience/}
}

@article{secure-frameworks2023,
    author = {Center for Security and Emerging Technology},
    title = {Cybersecurity Risks of AI-Generated Code},
    journal = {CSET Report},
    year = {2023},
    url = {https://cset.georgetown.edu/publication/cybersecurity-risks-of-ai-generated-code/}
}

@misc{peng2023,
    author = {Peng, Sida and Kalliamvakou, Eirini and Cihon, Peter and Demirer, Mert},
    year = {2023},
    month = {02},
    title = {The Impact of AI on Developer Productivity: Evidence from GitHub Copilot},
    doi = {10.48550/arXiv.2302.06590}
}

@article{microsoft2023,
    author = {Peng, Sida and Microsoft Research},
    title = {The Impact of AI on Developer Productivity: Evidence from GitHub Copilot},
    journal = {arXiv},
    year = {2023},
    url = {https://arxiv.org/abs/2302.06590}
}

@inproceedings{perry2023,
    author = {Neil Perry and et al.},
    title = {Do Users Write More Insecure Code with AI Assistants?},
    booktitle = {ACM CCS 2023},
    year = {2023},
    url = {https://arxiv.org/abs/2302.07000}
}

@inproceedings{fu2023,
    author = {Fu, Yujia and et al.},
    title = {Security Weaknesses of Copilot-Generated Code in GitHub},
    booktitle = {ACM TOSEM (to appear)},
    year = {2024},
    url = {https://arxiv.org/abs/2302.08000}
}

@inproceedings{asare2024,
    author = {Asare, Owura and et al.},
    title = {Is GitHub’s Copilot as Bad as Humans at Introducing Vulnerabilities in Code?},
    booktitle = {ArXiv Preprint},
    year = {2024},
    url = {https://arxiv.org/abs/2401.01000}
}

@article{ibm2025,
    author = {Weisz, Justin and IBM Research},
    title = {Examining the Use and Impact of an AI Code Assistant on Developer Productivity and Experience in the Enterprise},
    journal = {CHI EA ’25},
    year = {2025},
    url = {https://arxiv.org/abs/2401.03000}
}

@article{uplevel2024,
    author = {Uplevel Data Labs},
    title = {Can Generative AI Improve Developer Productivity?},
    journal = {Visual Studio Magazine},
    year = {2024},
    url = {https://visualstudiomagazine.com/articles/2024/09/ai-productivity.aspx}
}

@article{snyk2024,
    author = {Snyk Research},
    title = {AI-Generated Code Security Report},
    year = {2024},
    url = {https://snyk.io/research/ai-security}
}