@misc{peng2023impact,
      title={The Impact of AI on Developer Productivity: Evidence from GitHub Copilot},
      author={Sida Peng and Eirini Kalliamvakou and Peter Cihon and Mert Demirer},
      year={2023},
      eprint={2302.06590},
      archivePrefix={arXiv},
      primaryClass={cs.SE},
      url={https://arxiv.org/abs/2302.06590}
}

@misc{weisz2025examining,
      title={Examining the Use and Impact of an AI Code Assistant on Developer Productivity and Experience in the Enterprise},
      author={Justin D. Weisz and Shraddha Kumar and Michael Muller and Karen-Ellen Browne and Arielle Goldberg and Ellice Heintze and Shagun Bajpai},
      year={2025},
      eprint={2412.06603},
      archivePrefix={arXiv},
      primaryClass={cs.HC},
      url={https://arxiv.org/abs/2412.06603}
}

@misc{fu2025security,
      title={Security Weaknesses of Copilot-Generated Code in GitHub Projects: An Empirical Study},
      author={Yujia Fu and Peng Liang and Amjed Tahir and Zengyang Li and Mojtaba Shahin and Jiaxin Yu and Jinfu Chen},
      year={2025},
      eprint={2310.02059},
      archivePrefix={arXiv},
      primaryClass={cs.SE},
      url={https://arxiv.org/abs/2310.02059}
}

@inproceedings{perry2023,
   title={Do Users Write More Insecure Code with AI Assistants?},
   author={Neil Perry and Megha Srivastava and Deepak Kumar and Dan Boneh},
   booktitle={Proceedings of the 2023 ACM SIGSAC Conference on Computer and Communications Security},
   publisher={ACM},
   year={2023},
   month=nov,
   pages={2785--2799},
   doi={10.1145/3576915.3623157},
   url={http://dx.doi.org/10.1145/3576915.3623157}
}

@article{li2024,
  title={More than just efficiency: Impact of generative AI on Developer productivity},
  author={Mahei Manhai Li and Ernestine Dickhaut and Olivia Bruhin and Hendrik Wache and Pauline Weritz},
  year={2024},
  journal={AMICS 2024},
  url={https://aisel.aisnet.org/amcis2024/incl_sustain/incl_sustain/2/}
}

@phdthesis{ambti2023,
  title={Security and Authenticity of AI-generated Code},
  author={Sriharitha Ambati},
  year={2023},
  school={University of Saskatchewan},
  url={https://harvest.usask.ca/server/api/core/bitstreams/f046bc73-24a0-41f1-8c11-07df0bd23e0c/content}
}

@misc{githubSurvey,
    title={GitHub Copilot: A Survey of Developers},
    author={GitHub Blog},
    year={2023},
    url={https://github.blog/news-insights/research/survey-reveals-ais-impact-on-the-developer-experience/}
}

@misc{asare2024,
      title={Is GitHub's Copilot as Bad as Humans at Introducing Vulnerabilities in Code?},
      author={Owura Asare and Meiyappan Nagappan and N. Asokan},
      year={2024},
      eprint={2204.04741},
      archivePrefix={arXiv},
      primaryClass={cs.SE},
      url={https://arxiv.org/abs/2204.04741}
}

@article{taeb2024,
    author = {Maryam Taeb and Hongmei Chi and Shonda Bernadin},
    year = {2024},
    month = {02},
    title = {Assessing the Effectiveness and Security Implications of AI Code Generators},
    volume = {11},
    journal = {Journal of The Colloquium for Information Systems Security Education},
    doi = {10.53735/cisse.v11i1.180}
}

@article{peslak2024ai,
  title={AI for Coders: An Analysis of the Usage of ChatGPT and GitHub Copilot},
  author={Alan Peslak and Lisa Kovalchick},
  journal={Issues in Information Systems},
  volume={25},
  number={4},
  pages={252--260},
  year={2024},
  publisher={International Association for Computer Information Systems}
}

@misc{pearce2021asleep,
      title={Asleep at the Keyboard? Assessing the Security of GitHub Copilot's Code Contributions},
      author={Hammond Pearce and Baleegh Ahmad and Benjamin Tan and Brendan Dolan-Gavitt and Ramesh Karri},
      year={2021},
      eprint={2108.09293},
      archivePrefix={arXiv},
      primaryClass={cs.CR},
      url={https://arxiv.org/abs/2108.09293}
}

@article{ranim2024,
  author = {Khojah, Ranim and Mohamad, Mazen and Leitner, Philipp and de Oliveira Neto, Francisco Gomes},
  title = {Beyond Code Generation: An Observational Study of ChatGPT Usage in Software Engineering Practice},
  year = {2024},
  issue_date = {July 2024},
  publisher = {Association for Computing Machinery},
  address = {New York, NY, USA},
  volume = {1},
  number = {FSE},
  journal = {Proc. ACM Softw. Eng.},
  articleno = {81},
  numpages = {22},
  doi = {10.1145/3660788},
  url = {https://doi.org/10.1145/3660788},
  keywords = {Chatbots, Large Language Models (LLMs), Software Development Bots}
}

@article{snyk2023,
    author = {Snyk},
    title = {AI-Generated Code Leads to Security Issues for Most Businesses: Report},
    journal = {CIO Dive},
    year = {2023},
    note = {[Online]. Available: \url{https://www.ciodive.com/news/security}}
}
